@Article{BeckT09,
  Title                    = {A Fast Iterative Shrinkage-Thresholding Algorithm for Linear Inverse Problems},
  Author                   = {Amir Beck and Marc Teboulle},
  Journal                  = {SIAM J. Imaging Sciences},
  Year                     = {2009},
  Number                   = {1},
  Pages                    = {183-202},
  Volume                   = {2}
}

@Article{apg,
  title={Fast gradient-based algorithms for constrained total variation image denoising and deblurring problems},
  author={Beck, Amir and Teboulle, Marc},
  journal={IEEE Transactions on Image Processing},
  volume={18},
  number={11},
  pages={2419--2434},
  year={2009},
  publisher={IEEE}
}

@InProceedings{ZhangYS12,
  Title                    = {Accelerated Training for Matrix-norm Regularization: A Boosting Approach},
  Author                   = {Xinhua Zhang and Yaoliang Yu and Dale Schuurmans},
  Booktitle                = {NIPS},
  Year                     = {2012},
  Pages                    = {2915-2923}
}

@article{zhou2016convergence,
  title={On convergence of model parallel proximal gradient algorithm for stale synchronous parallel system},
  author={Zhou, Yi and Yu, Yaoliang and Dai, Wei and Liang, Yingbin and Xing, Eric P},
  journal={algorithms},
  volume={6},
  number={11},
  pages={18},
  year={2016}
}

@inproceedings{bertsekas1989convergence,
  title={Convergence rate and termination of asynchronous iterative algorithms},
  author={Bertsekas, Dimitri P and Tsitsiklis, John N},
  booktitle={Proceedings of the 3rd international conference on Supercomputing},
  pages={461--470},
  year={1989},
  organization={ACM}
}

@book{bertsekas1989parallel,
  title={Parallel and distributed computation: numerical methods},
  author={Bertsekas, Dimitri P and Tsitsiklis, John N},
  volume={23},
  year={1989},
  publisher={Prentice hall Englewood Cliffs, NJ}
}

@article{tseng1991rate,
  title={On the rate of convergence of a partially asynchronous gradient projection algorithm},
  author={Tseng, Paul},
  journal={SIAM Journal on Optimization},
  volume={1},
  number={4},
  pages={603--619},
  year={1991},
  publisher={SIAM}
}

@inproceedings{tsitsiklis1984distributed,
  title={Distributed asynchronous deterministic and stochastic gradient optimization algorithms},
  author={Tsitsiklis, John N and Bertsekas, Dimitri P and Athans, Michael},
  booktitle={1984 American Control Conference},
  pages={484--489},
  year={1984}
}

@inproceedings{feyzmahdavian2014convergence,
  title={On the convergence rates of asynchronous iterations},
  author={Feyzmahdavian, Hamid Reza and Johansson, Mikael},
  booktitle={53rd IEEE Conference on Decision and Control},
  pages={153--159},
  year={2014},
  organization={IEEE}
}

@inproceedings{li2014scaling,
  title={Scaling distributed machine learning with the parameter server},
  author={Li, Mu and Andersen, David G and Park, Jun Woo and Smola, Alexander J and Ahmed, Amr and Josifovski, Vanja and Long, James and Shekita, Eugene J and Su, Bor-Yiing},
  booktitle={11th USENIX Symposium on Operating Systems Design and Implementation (OSDI 14)},
  pages={583--598},
  year={2014}
}

@inproceedings{li2013distributed,
  title={Distributed delayed proximal gradient methods},
  author={Li, Mu and Andersen, David G and Smola, Alexander},
  booktitle={NIPS Workshop on Optimization for Machine Learning},
  year={2013}
}

@inproceedings{li2013parameter,
  title={Parameter server for distributed machine learning},
  author={Li, Mu and Zhou, Li and Yang, Zichao and Li, Aaron and Xia, Fei and Andersen, David G and Smola, Alexander},
  booktitle={Big Learning NIPS Workshop},
  volume={6},
  pages={2},
  year={2013}
}

@inproceedings{feyzmahdavian2014delayed,
  title={A delayed proximal gradient method with linear convergence rate},
  author={Feyzmahdavian, Hamid Reza and Aytekin, Arda and Johansson, Mikael},
  booktitle={2014 IEEE International Workshop on Machine Learning for Signal Processing (MLSP)},
  pages={1--6},
  year={2014},
  organization={IEEE}
}

@inproceedings{ho2013more,
  title={More effective distributed ml via a stale synchronous parallel parameter server},
  author={Ho, Qirong and Cipar, James and Cui, Henggang and Lee, Seunghak and Kim, Jin Kyu and Gibbons, Phillip B and Gibson, Garth A and Ganger, Greg and Xing, Eric P},
  booktitle={Advances in neural information processing systems},
  pages={1223--1231},
  year={2013}
}

@article{niu2011lock,
  title={A lock-free approach to parallelizing stochastic gradient descent. arXiv preprint},
  author={Niu, Feng and Recht, Benjamin and R{\'e}, Christopher and Wright, Stephen J Hogwild},
  journal={arXiv},
  volume={1106},
  year={2011}
}

@inproceedings{spark,
 author = {Zaharia, Matei and Chowdhury, Mosharaf and Franklin, Michael J. and Shenker, Scott and Stoica, Ion},
 title = {Spark: Cluster Computing with Working Sets},
 booktitle = {Proceedings of the 2Nd USENIX Conference on Hot Topics in Cloud Computing},
 series = {HotCloud'10},
 year = {2010},
 location = {Boston, MA},
 pages = {10--10},
 numpages = {1},
 url = {http://dl.acm.org/citation.cfm?id=1863103.1863113},
 acmid = {1863113},
 publisher = {USENIX Association},
 address = {Berkeley, CA, USA},
}

@inproceedings{petuum,
 author = {Xing, Eric P. and Ho, Qirong and Dai, Wei and Kim, Jin-Kyu and Wei, Jinliang and Lee, Seunghak and Zheng, Xun and Xie, Pengtao and Kumar, Abhimanu and Yu, Yaoliang},
 title = {Petuum: A New Platform for Distributed Machine Learning on Big Data},
 booktitle = {Proceedings of the 21th ACM SIGKDD International Conference on Knowledge Discovery and Data Mining},
 series = {KDD '15},
 year = {2015},
 isbn = {978-1-4503-3664-2},
 location = {Sydney, NSW, Australia},
 pages = {1335--1344},
 numpages = {10},
 url = {http://doi.acm.org/10.1145/2783258.2783323},
 doi = {10.1145/2783258.2783323},
 acmid = {2783323},
 publisher = {ACM},
 address = {New York, NY, USA},
 keywords = {big data, big model, data-parallelism, distributed systems, machine learning, model-parallelism, theory},
}
